@Book{Rcook:09,
    author   = {Lucas Carlson and Leonard Richardson},
    title    = {Ruby Cookbook},
    edition  = {1ª},
    publisher= {O'Reilly Media},
    month = {Setembro},
    year     = {2009},
}

@Book{Zil:95,
    author   = {SEM},
    title    = {Learning ZIL - or - Everything You Always Wanted to Know
  About Writing Interactive Fiction But Couldn't Find Anyone Still Working Here to Ask},
    month    = {Aug},
    note     = "O livro é creditado a SEM, mas não foi possível achar que seja essa pessoa",
    year     = {1995},
}

@Book{Eve:12,
    author   = {Eric Eve},
    title    = {Learning TADS 3},
    month    = {May},
    note     = "Livro digital nesse \href{http://www.tads.org/t3doc/doc/learning/Learning\%20T3.pdf}{\textbf{link}}",
    year     = {2012},
}

@Book{Jim:06,
    author   = {Jimmy Maher},
    title    = {Let's Tell a Story Together (A History of Interactive Fiction)},
    day      = {26},
    month    = {Setembro},
    note     = "Livro digital nesse \href{http://maher.filfre.net/if-book/}{\textbf{link}}. As figuras na sessão \ref{subsec:history} vem desse livro.",
    year     = {2006}
}

@Misc{IF1,
    howpublished = "\url{http://nickm.com/if/fourth_era.html}",
    author = "Nick Montfort",
    title = "Interactive Fiction's Fourth Era",
    month = "Abril",
    year = "2008",
    note = "Visitado em 09-11-2018"
}

@Misc{Zork,
    howpublished = "\url{http://www.infocom-if.org/games/zork1/zork1.html}",
    title = "Infocom Games - Zork I",
    note = "Visitado em 11-11-2018. O ano de 1980 marca o lançamento do jogo, e não da página",
    year = "1980"
}

@Misc{IF2,
    howpublished = "\url{http://www.tads.org/if.htm}",
    title = "TADS - Interactive Fiction",
    note = "Visitado em 12-11-2018.",
    author = "Michael J. Roberts",
    year = "2011"
}

@Article{Nel:06,
    title     = "Natural language, semantic analysis and Interactive Fiction",
    author    = "Graham Nelson",
    month     = "Abril",
    year      = "2006",
    publisher = "St Anne’s College, Oxford"
}

@Misc{IF3,
    howpublished = "\url{http://inform7.com/if/interactive-fiction/}",
    title = "About Interactive Fiction",
    note = "Visitado em 15-11-2018.",
}

@Misc{MDL,
    howpublished = "\url{https://en.wikipedia.org/wiki/MDL_(programming_language)}",
    title = "MDL (programming language)",
    author = "Wiki",
    note = "Dessa página extraiu-se somente a captura de tela apresentada na figura \ref{fig:zil}",
}

@Misc{LISP,
    howpublished = "\url{https://emacs.stackexchange.com/questions/37220/highlight-labels-flet-macrolet-definitions-in-lisp-mode}",
    title = "Highlight labels/flet/macrolet definitions in lisp-mode",
    author = "StackExchange",
    note = "Dessa página extraiu-se uma captura de tela apresentada na figura \ref{fig:zil}",
}

@Misc{Inf7,
    howpublished = "\url{http://digitalhumanities.berkeley.edu/writing-interactive-fiction-inform-7}",
    title = "Writing Interactive Fiction with Inform 7",
    note = "Dessa página extraiu-se uma captura de tela apresentada na figura \ref{fig:zil}",
}

% -------------------------------------------------------------------------------------------------------------
@Book{MN2,
    title    = {Manual do NEHiLP},
    edition  = {2.1},
    year     = {2015},
}

@manual{ARR,
    howpublished = "\url{https://www.caelum.com.br/download/caelum-ruby-on-rails-rr71.pdf}",
    author = "Caellum",
    title = "Desenvolvimento Ágil para Web com Ruby on Rails 4.",
    note = "Visitado em 10-10-2019"
}

@manual{RoR,
    howpublished = "\url{https://guides.rubyonrails.org/}",
    title = "Ruby on Rails Guides",
    note = "versão 6.0.0"
}

@manual{Vue,
    howpublished = "\url{https://vuejs.org}",
    title = "Vue.JS",
}

@manual{Nuxt,
    howpublished = "\url{https://nuxtjs.org/guide}",
    title = "Nuxt.JS Guide",
}

@manual{Jest,
    howpublished = "\url{https://jestjs.io/en/}",
    title = "Jest Homepage",
}

@Misc{Mar:17,
    title     = "O dicionário etimológico da língua portuguesa (DELPo): conceitos de
    metalema, hemilema, hiperlema e ultralema ",
    author    = "Mário Eduardo Viaro",
    year      = "2017",
    howpublished = "\url{http://siba-ese.unisalento.it/index.php/dvaf/article/view/17775/15134}",
    note      = "Visitado a 9/10/2019"
}

@Misc{CCL,
    howpublished = "\url{https://gist.github.com/wojteklu/73c6914cc446146b8b533c0988cf8d29}",
    title = {Clean Code},
    author = {Wojtek Lukaszuk},
    year = 2018,
}

@Misc{BP,
    howpublished = "\url{https://gist.github.com/danielschmitz/95c6eb40a3845f89498a3c748e932f44}",
    title = {Boas Práticas},
    author = {Daniel Schmitz},
    year = 2019,
}

@Article{Bar:14,
    title     = "O uso do dicionário de língua como instrumento didático no ensino de Língua Portuguesa para alunos surdos: em busca de um bilinguismo funcional",
    author    = "Barbara Neves Salviano",
    month     = "Abril",
    day       = 30,
    year      = "2014",
    publisher = "Universidade Federal de Minas Gerais",
    journal = "\url{http://hdl.handle.net/1843/MGSS-9LZNZ9}",
}

@Book{delpo:18,
    title = {Refatoração do Projeto Delpo},
    author = {Adriano Tetsuaki Ogawa Santin and Luiz Fernando Antonelli Galati and Mauricio Luiz Abreu Cardoso},
    year = 2018,
    publisher = {IME-USP},
}